<?xml version="1.0" encoding="UTF-8"?><collection xmlns="http://www.loc.gov/MARC21/slim"><record><leader>00354nam--2200133-i-4500</leader><controlfield tag="001">000023080</controlfield><controlfield tag="002">20161230</controlfield><controlfield tag="005">20161230201034</controlfield><controlfield tag="008">060222s1000------------r-----000-0-eng-d</controlfield><datafield ind1=" " ind2=" " tag="080"><subfield code="a">778.37</subfield></datafield><datafield ind1=" " ind2=" " tag="245"><subfield code="a">High-speed photography</subfield></datafield><datafield ind1=" " ind2=" " tag="260"><subfield code="a">New York, John Wiley &amp; Sons, Inc., 1968, Xii + 503 P</subfield></datafield><datafield ind1=" " ind2=" " tag="700"><subfield code="a">Nilsson, Robert N.And Hogberg, Lars</subfield></datafield><datafield ind1=" " ind2=" " tag="852"><subfield code="a">35425</subfield></datafield></record></collection>